@article{DBLP:journals/pami/WangJTL23,
  author       = {Beibei Wang and
                  Bo Jiang and
                  Jin Tang and
                  Bin Luo},
  title        = {Generalizing Aggregation Functions in GNNs: Building High Capacity
                  and Robust GNNs via Nonlinear Aggregation},
  journal      = {{IEEE} Trans. Pattern Anal. Mach. Intell.},
  volume       = {45},
  number       = {11},
  pages        = {13454--13466},
  year         = {2023},
}








